<?xml version="1.0" encoding="UTF-8"?><collection xmlns="http://www.loc.gov/MARC21/slim"><record><leader>00379nam--2200133-i-4500</leader><controlfield tag="001">000009801</controlfield><controlfield tag="002">20161230</controlfield><controlfield tag="005">20161230201028</controlfield><controlfield tag="008">060222s1000------------r-----000-0-eng-d</controlfield><datafield ind1=" " ind2=" " tag="100"><subfield code="a">Burns, Roger G</subfield></datafield><datafield ind1=" " ind2=" " tag="245"><subfield code="a">Mineralogical applications of crystal field th eory</subfield></datafield><datafield ind1=" " ind2=" " tag="260"><subfield code="a">Cambridge, At The University Press, 1970</subfield></datafield><datafield ind1=" " ind2=" " tag="490"><subfield code="a">Cambridge Earth Sciences Series</subfield></datafield><datafield ind1=" " ind2=" " tag="852"><subfield code="a">549:539.2</subfield></datafield></record></collection>